@manual{angular-components,
    author = "Angular Docs",
    title = "Introduction to components",
    year = "2018",
    url = "https://angular.io/guide/architecture-components",
    note = "Dostęp 03.12.2018"
}

@manual{angular-sg,
    author = "Angular Docs",
    title = "Style Guide",
    year = "2018",
    url = "https://angular.io/guide/styleguide",
    note = "Dostęp 03.12.2018"
}

@manual{jwt,
    author = "JWT",
    title = "JSON Web Tokens",
    year = "2018",
    url = "https://jwt.io",
    note = "Dostęp 03.12.2018"
}

@manual{msdn-ts,
    author = "MSDN",
    title = "TypeScript - Understanding TypeScript",
    year = "2015",
    url = "https://msdn.microsoft.com/en-us/magazine/dn890374.aspx",
    note = "Dostęp 03.12.2018"
}

@manual{msdn-aspnet,
    author = "MSDN",
    title = Introduction to ASP.NET Core",
    year = "2018",
    url = "https://docs.microsoft.com/en-us/aspnet/core/?view=aspnetcore-2.1",
    note = "Dostęp 03.12.2018"
}

@manual{msdn-aspnet-api,
    author = "MSDN",
    title = "Build web APIs with ASP.NET Core",
    year = "2018",
    url = "https://docs.microsoft.com/en-us/aspnet/core/web-api/?view=aspnetcore-2.1",
    note = "Dostęp 03.12.2018"
}

@manual{msdn-efcore,
    author = "MSDN",
    title = "Entity Framework Core",
    year = "2016",
    url = "https://docs.microsoft.com/en-us/ef/core",
    note = "Dostęp 03.12.2018"
}

@manual{msdn-efcore-relationships,
    author = "MSDN",
    title = "Entity Framework Core: Relationships",
    year = "2016",
    url = "https://docs.microsoft.com/en-us/ef/core/modeling/relationships",
    note = "Dostęp 03.12.2018"
}

@manual{msdn-gnc,
    author = "MSDN",
    title = "General Naming Conventions",
    year = "2017",
    url = "https://docs.microsoft.com/en-us/dotnet/standard/design-guidelines/general-naming-conventions",
    note = "Dostęp 03.12.2018"
}

@manual{msdn-generics,
    author = "MSDN",
    title = "Generics",
    year = "2015",
    url = "https://docs.microsoft.com/en-us/dotnet/csharp/programming-guide/generics/",
    note = "Dostęp 03.12.2018"
}
